<?xml version="1.0" encoding="UTF-8"?><collection xmlns="http://www.loc.gov/MARC21/slim"><record><leader>00573nam--2200193-i-4500</leader><controlfield tag="001">000010043</controlfield><controlfield tag="002">20161230</controlfield><controlfield tag="005">20161230201028</controlfield><controlfield tag="008">060222s1000------------r-----000-0-eng-d</controlfield><datafield ind1=" " ind2=" " tag="040"><subfield code="a">IFIN-HH</subfield></datafield><datafield ind1=" " ind2=" " tag="080"><subfield code="a">539.2</subfield></datafield><datafield ind1="1" ind2=" " tag="100"><subfield code="a">Carter, R.S</subfield></datafield><datafield ind1="1" ind2="0" tag="245"><subfield code="a">Molecular dynamics and structure of solids</subfield><subfield code="c">R.s. carter, j.j. rush (eds.)</subfield></datafield><datafield ind1=" " ind2=" " tag="260"><subfield code="a">Washington</subfield><subfield code="b">United States Department Of Commerce</subfield><subfield code="c">1969</subfield></datafield><datafield ind1=" " ind2=" " tag="300"><subfield code="a">XII + 571 P</subfield></datafield><datafield ind1=" " ind2=" " tag="490"><subfield code="a">National Bureau Of Standards Special Pulication</subfield></datafield><datafield ind1="1" ind2=" " tag="700"><subfield code="a">Rush, J.J</subfield><subfield code="e">Ed</subfield></datafield><datafield ind1=" " ind2=" " tag="852"><subfield code="a">36304</subfield><subfield code="c">539.2</subfield></datafield><datafield ind1=" " ind2=" " tag="CAT"><subfield code="a">Sys</subfield><subfield code="c">20121019</subfield><subfield code="h">123401</subfield></datafield></record></collection>